@online{React,
  title     = {React – A JavaScript library for building user interfaces},
  url       = {https://reactjs.org/},
  urldate   = {25.05.2024},
  language  = {russian}
}

@online{Node_js,
  title     = {Node.js Documentation},
  url       = {https://nodejs.org/en/docs/},
  urldate   = {25.05.2024},
  language  = {russian}
}

@online{Express,
  title     = {Express - Node.js web application framework},
  url       = {https://expressjs.com/},
  urldate   = {25.05.2024},
  language  = {russian}
}

@online{PostgreSQL,
  title     = {PostgreSQL Documentation},
  url       = {https://www.postgresql.org/docs/},
  urldate   = {25.05.2024},
  language  = {russian}
}

@online{Material_UI,
  title     = {Markdown Guide},
  url       = {https://www.markdownguide.org/},
  urldate   = {25.05.2024},
  language  = {russian}
}

@online{Redux,
  title     = {Redux - A Predictable State Container for JS Apps},
  url       = {https://redux.js.org/},
  urldate   = {25.05.2024},
  language  = {russian}
}

@online{Webpack,
  title     = {Webpack Documentation},
  url       = {https://webpack.js.org/},
  urldate   = {25.05.2024},
  language  = {russian}
}

@online{TypeScript,
  title     = {TypeScript Documentation},
  url       = {https://www.typescriptlang.org/docs/},
  urldate   = {25.05.2024},
  language  = {russian}
}

@online{Phoenix_Contact,
  title     = {Phoenix Contact – Контроллер},
  url       = {https://www.phoenixcontact.com/ru-pc/otrasli-promyshlennosti/plcnext-technology},
  urldate   = {25.05.2024},
  language  = {russian}
}

@online{SCADA,
  title     = {SCADA системы. Основы проектирования и разработки},
  url       = {https://www.scada.ru/ru/documentation/},
  urldate   = {25.05.2024},
  language  = {russian}
}